\RequirePackage{filecontents}
\begin{filecontents*}{xgt2.bib}

%
@Article{halla_nim,
      author    = "Alcorn, J. and others",
      title     = "{Basic Instrumentation for Hall A at Jefferson Lab}",
      journal   = "Nucl. Instrum. Meth.",
      volume    = "A522",
      year      = "2004",
      pages     = "294-346",
      doi       = "10.1016/j.nima.2003.11.415",
      SLACcitation  = "%%CITATION = NUIMA,A522,294;%%"
}

@misc{shower_ak,
     author    = "A Ketikyan and others",
     title     = "{About Shower Detector Software}",
     year= "1997",
     url = "About Shower Detector Software, http://hallaweb.jlab.org/espace/shower.ps.gz",
pages=""
}
@misc{R_Bock,
     author    = "R.K Bock and A.Vasilescu",
     title     = "{The Particle Detector Brief Book}",
}
@misc{halla_daq,
     title    = "Hall A DAQ Setup",
     howpublished={\url{hallaweb.jlab.org/equipment/daq/trigsetup_2003.html}}
}
@misc{halla_main,
     title    = "Hall A Main Page",
     howpublished={\url{hallaweb.jlab.org/}}
}
@Article{beam_energy1,
      author    = "J. Berthot, P. Vernin",
      journal   = "Nucl. Phys. News",
      volume    = "9",
      year      = "1990",
      pages     = "12",
}

@misc{beam_energy2,
      author    = "O. Ravel",
      title   = "{Ph.D Thesis, University of Blaise Pascal}",
      year      = "1997",
}
@misc{cryo_grp,
     title    = "Jefferson Lab Cryogenic Group",
     howpublished={\url{wwwwold.jlab.org/eng/cryo}}
}
@misc{ts_tm,
      author    = "E. Jastrzembski ",
      title   = "Trigger Supervisor Transition Module",
      year      = "1997",
}
%%%%%%%%%%%%%%%%%%%%%%%%%%%%%%%%%%%%%%%%%%%%%%%%%%%%%%%%%%%%%%%%%%%%%
% Analysis Notes and Thesis from other people
%%%%%%%%%%%%%%%%%%%%%%%%%%%%%%%%%%%%%%%%%%%%%%%%%%%%%%%%%%%%%%%%%%%%%
@misc{analyzer,
     author    = "",
     title     = "{ROOT/C++ Analyzer for Hall A}",
     year= "",
     url = "http://hallaweb.jlab.org/podd/index.html"
}


@misc{cern_root,
     author    = "",
     title     = "{ROOT - A Data Analysis Framework by CERN}",
     year= "",
     howpublished={\url{http://root.cern.ch/drupal/}}
}

@misc{nilanga_optics,
     author    = "N. Liyanage",
     title     = "{Optics Calibration of the Hall A High Resolution Spectrometers using the new optimizer}",
     year= "2002",
     howpublished={\url{http://hallaweb.jlab.org/publications/Technotes/files/2002/02-012.pdf}}
}
@misc{jinge_thesis,
     author    = "G. Jin",
     year= "2011",
     title = "{Ph.D Thesis, University of Virginia (2011)}"
}
@misc{hyao_thesis,
     author    = "H. Yao",
     title     = "{Ph.D Thesis, Temple University }",
     year= "2011",
}
@misc{karl_thesis,
     author    = "K. Slifer",
     title     = "{Ph.D Thesis, Temple University }",
     year= "2003",
}
@misc{jin_huang_optics,
      author    = "J. Huang",
     title     = "{HRS Optics Optimizer}",
     year= "2009",
     journal = "private communication"
}
@misc{snack_lerose,
     author    = "J. LeRose",
     title     = "{HRS transportation functions}",
     journal = "private communication."
}
@misc{A_Duer,
     author    = "A. Duer",
     title     = "{Single Arm Monte Carlo for Polarized 3He experiments in Hall A v.0.2}",
     year= "2002",
     howpublished={\url{http://hallaweb.jlab.org/publications/Technotes/files/2001/01-004.pdf}}
}
@misc{shower_luhj,
     author    = "H. Lu and others",
     title     = "{Shower Calibration and Efficiency for E97-110}",
     year= "2005",
     howpublished={\url{Shower Calibration and Efficiency for E97-110, http://hallaweb.jlab.org/experiment/E97-110/tech/shower\_calib.ps.gz"}}
}

%%%%%%%%%%%%%%%%%%%%%%%%%%%%%%%%%%%%%%%%%%%%%%%%%%%%%%%%%%%%%%%%%%%%%
% Surveys or Logs
%%%%%%%%%%%%%%%%%%%%%%%%%%%%%%%%%%%%%%%%%%%%%%%%%%%%%%%%%%%%%%%%%%%%%
@misc{survey_dvcs_2010,
    author    = "",
     title     = "{Hall A survey report 1343}",
     year= "2010",
     howpublished={\url{http://www.jlab.org/eng/survalign/documents/dthalla/A1343.pdf}}
}
@misc{survey_pvdis_2009,
     title     = "{Hall A survey report A1249}",
     year= "2009",
     howpublished={\url{http://www.jlab.org/eng/survalign/documents/dthalla/A1239.pdf}}
}
@misc{survey_a1n_2009,
     title     = "{Hall A survey report A1239}",
     year= "2009",
     howpublished={\url{http://www.jlab.org/eng/survalign/documents/dthalla/A1249.pdf}}
}
@misc{bpm_runs,
     title     = "{E08-014 Harp scan results}",
     year= "2011",
}
@misc{bpm_cali,
     title     = "{Hall A BPM Calibration Procedure}",
     author = "Bodo Reitz ",
     howpublished={\url{http://hallaweb.jlab.org/podd/doc/bpm.html}}    
}

@misc{target_report,
     title     = "E08-014 Target Report",
     author = "D. Meekins",
     year= "2011",
     howpublished={\url{http://hallaweb.jlab.org/experiment/E08-014/analysis/HallA_Target_Configuration_Apr2011.pdf}}
}
@misc{vince_thesis,
     author    = "V. Sulkosky",
     title     = "{Ph.D Thesis, College of William and Mary}",
     year= "2007",
     journal = ""
}
%%%%%%%%%%%%%%%%%%%%%%%%%%%%%%%%%%%%%%%%%%%%%%%%%%%%%%%%%%%%%%%%%%%%%
% Analysis Notes for E08-014
%%%%%%%%%%%%%%%%%%%%%%%%%%%%%%%%%%%%%%%%%%%%%%%%%%%%%%%%%%%%%%%%%%%%%
@misc{bcm_patricia,
     author    = "P. Solvignon-Slifer",
     title     = "{E08-014 BCM calibration report}",
     year= "2012",
     journal = ""
}
@misc{boiling_patricia,
     author    = "P. Solvignon-Slifer",
     title     = "{E08-014 BCM calibration report}",
     year= "2012",
     journal = ""
}
@misc{silviu_target,
     author    = "Silviu Covrig",
     title     = "{E08-014 Cryogenic Target System Simulation}",
     year= "2013",
     journal = "pravit communication"
}
@misc{ye_xemc,
     author    = "Z. Ye",
     title     = "{XEMC inclusive electron scattering cross section model}",
     year= "2012",
     url = "private communication"
}

\end{filecontents*}
