\RequirePackage{filecontents}
\begin{filecontents*}{xgt2.bib}

%%%%%%%%%%%%%%%%%%%%%%%%%%%%%%%%%%%%%%%%%%%%%%%%%%%%%%%%%%%%%%%%%%%%%
% Papers or Talks about Physics
%%%%%%%%%%%%%%%%%%%%%%%%%%%%%%%%%%%%%%%%%%%%%%%%%%%%%%%%%%%%%%%%%%%%%
@article{PhysRevC.51.38,
  title = {Accurate nucleon-nucleon potential with charge-independence breaking},
  author = {Wiringa, R. B. and Stoks, V. G. J. and Schiavilla, R.},
  journal = {Phys. Rev. C},
  volume = {51},
  issue = {1},
  pages = {38--51},
  year = {1995},
  month = {Jan},
  doi = {10.1103/PhysRevC.51.38},
  url = {http://link.aps.org/doi/10.1103/PhysRevC.51.38},
  publisher = {American Physical Society}
}
@article{bfrois,
      author         = "Frois, Bernard and Papanicolas, Costas N.",
      title          = "Electron Scattering and Nuclear Structure",
      journal        = "Ann.Rev.Nucl.Part.Sci.",
      volume         = "37",
      pages          = "133-176",
      year           = "1987",      
}
@article{DeForest1983,
      author         = "J. De Forest",
      title          = "Off-shell electron nucleon cross section. The impulse approximation",
      journal        = "Nucl. Phys.",
      volume         = "A392",
      pages          = "232",
      year           = "1983",      
}
@article{pwia,
title = "(e, 2e) spectroscopy ",
journal = "Physics Reports ",
volume = "27",
number = "6",
pages = "275 - 371",
year = "1976",
note = "",
issn = "0370-1573",
doi = "http://dx.doi.org/10.1016/0370-1573(76)90005-3",
url = "http://www.sciencedirect.com/science/article/pii/0370157376900053",
author = "I.E. McCarthy and E. Weigold"
}

@article{PhysRevLett.87.172502,
  title = {Six-Nucleon Spectroscopy from a Realistic Nonlocal Hamiltonian},
  author = {Navr\'atil, P. and others},
  journal = {Phys. Rev. Lett.},
  volume = {87},
  issue = {17},
  pages = {172502},
  numpages = {4},
  year = {2001},
  month = {Oct},
  doi = {10.1103/PhysRevLett.87.172502},
  url = {http://link.aps.org/doi/10.1103/PhysRevLett.87.172502},
  publisher = {American Physical Society}
}

@misc{hartree_fock_book,
  title = {Modern Quantum Chemistry},
  author = {N. S. Szabo and A. Ostlund},
  journal = {McGraw-Hill, New York, 1989}
}
  
@misc{review_mft,
  title = {Review of mean-field theory},
  author = {D. Lacroix},
  journal = {A lecture note}
}

@article{PhysRev.95.577,
  title = {Diffuse Surface Optical Model for Nucleon-Nuclei Scattering},
  author = {Woods, Roger D. and Saxon, David S.},
  journal = {Phys. Rev.},
  volume = {95},
  issue = {2},
  pages = {577--578},
  year = {1954},
  month = {Jul},
  doi = {10.1103/PhysRev.95.577},
  url = {http://link.aps.org/doi/10.1103/PhysRev.95.577},
  publisher = {American Physical Society}
}

@article{Gomes1958241,
title = "Properties of nuclear matter ",
journal = "Annals of Physics ",
volume = "3",
number = "3",
pages = "241 - 274",
year = "1958",
note = "",
issn = "0003-4916",
doi = "10.1016/0003-4916(58)90019-8",
url = "http://www.sciencedirect.com/science/article/pii/0003491658900198",
author = "L.C Gomes and J.D Walecka and V.F Weisskopf"
}

@article{PhysRevC.53.1689,
  title = {Realistic model of the nucleon spectral function in few- and many-nucleon systems},
  author = {Ciofi degli Atti, C. and Simula, S.},
  journal = {Phys. Rev. C},
  volume = {53},
  issue = {4},
  pages = {1689--1710},
  year = {1996},
  month = {Apr},
  doi = {10.1103/PhysRevC.53.1689},
  url = {http://link.aps.org/doi/10.1103/PhysRevC.53.1689},
  publisher = {American Physical Society}
}
@article{PhysRevC.49.2950,
  title = {Construction of high-quality         \textit{NN}       potential models},
  author = {Stoks, V. G. J. and Klomp, R. A. M. and Terheggen, C. P. F. and de Swart, J. J.},
  journal = {Phys. Rev. C},
  volume = {49},
  issue = {6},
  pages = {2950--2962},
  year = {1994},
  month = {Jun},
  doi = {10.1103/PhysRevC.49.2950},
  url = {http://link.aps.org/doi/10.1103/PhysRevC.49.2950},
  publisher = {American Physical Society}
}
@article{Lacombe1981139,
title = "Parametrization of the deuteron wave function of the Paris NN potential ",
journal = "Physics Letters B ",
volume = "101",
number = "3",
pages = "139 - 140",
year = "1981",
note = "",
issn = "0370-2693",
doi = "http://dx.doi.org/10.1016/0370-2693(81)90659-6",
url = "http://www.sciencedirect.com/science/article/pii/0370269381906596",
author = "M. Lacombe and B. Loiseau and R.Vinh Mau and J. Côté and P. Pirés and R. de Tourreil"
}

@article{PhysRevB.36.1208,
  title = {Structure and bonding of small semiconductor clusters},
  author = {Toma\ifmmode \acute{n}\else \'{n}\fi{}ek, D. and Schluter, M. A.},
  journal = {Phys. Rev. B},
  volume = {36},
  issue = {2},
  pages = {1208--1217},
  year = {1987},
  month = {Jul},
  doi = {10.1103/PhysRevB.36.1208},
  url = {http://link.aps.org/doi/10.1103/PhysRevB.36.1208},
  publisher = {American Physical Society}
}

%%%%%%%%%%%%%%%%%%%%%%%%%%%%%%%
%% QE
%%%%%%%%%%%%%%%%%%%%%%%%%%%%%%%
@article{day_arns,
author = {Day, D B and McCarthy, J S and Donnelly, T W and Sick, I},
title = {Scaling in Inclusive Electron-Nucleus Scattering},
journal = {Annual Review of Nuclear and Particle Science},
volume = {40},
number = {1},
pages = {357-410},
year = {1990},
doi = {10.1146/annurev.ns.40.120190.002041}
}

@Article{qe_donal,
  title = {Inclusive quasielastic electron-nucleus scattering},
  author = {Benhar, Omar and Day, Donal and Sick, Ingo},
  journal = {Rev. Mod. Phys.},
  volume = {80},
  issue = {1},
  pages = {189--224},
  year = {2008},
  month = {Jan},
  doi = {10.1103/RevModPhys.80.189}
}

@article{West1975263,
title = "Electron scattering from atoms, nuclei and nucleons ",
journal = "Physics Reports ",
volume = "18",
number = "5",
pages = "263 - 323",
year = "1975",
note = "",
issn = "0370-1573",
doi = "10.1016/0370-1573(75)90035-6",
author = "Geoffrey B. West"
}
  
@article{Kelly:1996hd,
  title = {Nucleon knockout by intermediate-energy electrons},
  author = {Kelly, J.},
  journal = {Adv. Nucl. Phys.},
  volume = {23},
  pages = {75--294},
  year = {1996}
 }
@article{PhysRevC.41.R2474,
  title = {Nucleon spectral function in complex nuclei and nuclear matter and inclusive quasielastic electron scattering},
  author = {Ciofi degli Atti, C. and Liuti, S. and Simula, S.},
  journal = {Phys. Rev. C},
  volume = {41},
  issue = {6},
  pages = {R2474--R2478},
  year = {1990},
  month = {Jun},
  doi = {10.1103/PhysRevC.41.R2474},
  url = {http://link.aps.org/doi/10.1103/PhysRevC.41.R2474},
  publisher = {American Physical Society}
}
@article{Boffi19931,
title = "Nuclear response in electromagnetic interactions with complex nuclei ",
journal = "Physics Reports ",
volume = "226",
number = "1–2",
pages = "1 - 101",
year = "1993",
note = "",
issn = "0370-1573",
doi = "10.1016/0370-1573(93)90132-W",
url = "http://www.sciencedirect.com/science/article/pii/037015739390132W",
author = "S. Boffi and C. Giusti and F.D. Pacati"
}

@article{PhysRevC.46.1045,
  title = {Quasielastic and inelastic inclusive electron scattering by nuclear systems: Nucleon momentum distributions, spectral functions, and off-shell effects},
  author = {Ciofi degli Atti, C. and Day, D. B. and Liuti, S.},
  journal = {Phys. Rev. C},
  volume = {46},
  issue = {3},
  pages = {1045--1063},
  year = {1992},
  month = {Sep},
  doi = {10.1103/PhysRevC.46.1045},
  url = {http://link.aps.org/doi/10.1103/PhysRevC.46.1045},
  publisher = {American Physical Society}
}

@article{PhysRevC.87.024606,
  title = {Final-state interactions in the nuclear response at large momentum transfer},
  author = {Benhar, Omar},
  journal = {Phys. Rev. C},
  volume = {87},
  issue = {2},
  pages = {024606},
  numpages = {8},
  year = {2013},
  month = {Feb},
  doi = {10.1103/PhysRevC.87.024606},
  url = {http://link.aps.org/doi/10.1103/PhysRevC.87.024606},
  publisher = {American Physical Society}
}

@article{Lapikas1993297,
title = "Quasi-elastic electron scattering off nuclei ",
journal = "Nuclear Physics A ",
volume = "553",
number = "0",
pages = "297 - 308",
year = "1993",
note = "",
issn = "0375-9474",
doi = "10.1016/0375-9474(93)90630-G",
url = "http://www.sciencedirect.com/science/article/pii/037594749390630G",
author = "L. Lapikás"
}
@article{VanDerSteenhoven1988547,
title = "Knockout of 1p protons from 12C induced by the (e, e'p) reaction ",
journal = "Nuclear Physics A ",
volume = "480",
number = "3–4",
pages = "547 - 572",
year = "1988",
note = "",
issn = "0375-9474",
doi = "http://dx.doi.org/10.1016/0375-9474(88)90463-0",
url = "http://www.sciencedirect.com/science/article/pii/0375947488904630",
author = "G. Van Der Steenhoven and H.P. Blok and E. Jans and M. De Jong and L. Lapikás and E.N.M. Quint and P.K.A. De Witt Huberts",
keywords = "Nuclear reactions "
}


%%%%%%%%%%%%%%%%%%%%%%%%%%%%%%%
%% SRC
%%%%%%%%%%%%%%%%%%%%%%%%%%%%%%%
@article{src_john,
title = "Hard probes of short-range nucleon–nucleon correlations ",
author = "J. Arrington and D.W. Higinbotham and G. Rosner and M. Sargsian",
journal = "Progress in Particle and Nuclear Physics ",
volume = "67",
number = "4",
pages = "898 - 938",
year = "2012",
issn = "0146-6410",
doi = "10.1016/j.ppnp.2012.04.002",
url = "http://www.sciencedirect.com/science/article/pii/S0146641012000749",
}

@article{Frankfurt_misak,
author = {Frankfurt, L. and Sargsian, M. and Strikman, M.},
title = {Recent Observation of Short-Range Nucleon Correlations in Nuclei and Their Implication for the Structure of Nuclei and Neutron Stars},
journal = {International Journal of Modern Physics A},
volume = {23},
number = {20},
pages = {2991-3055},
year = {2008},
doi = {10.1142/S0217751X08041207}
}

@article{Frankfurt1981215,
title = "High-energy phenomena, short-range nuclear structure and \{QCD\} ",
journal = "Physics Reports ",
volume = "76",
number = "4",
pages = "215 - 347",
year = "1981",
note = "",
issn = "0370-1573",
doi = "10.1016/0370-1573(81)90129-0",
url = "http://www.sciencedirect.com/science/article/pii/0370157381901290",
author = "L.L. Frankfurt and M.I. Strikman"
}

@article{PhysRevC.72.054310,
  title = {Ground-state energies, densities and momentum distributions in closed-shell nuclei calculated within a cluster expansion approach and realistic interactions},
  author = {Alvioli, M. and Atti, C. Ciofi degli and Morita, H.},
  journal = {Phys. Rev. C},
  volume = {72},
  issue = {5},
  pages = {054310},
  numpages = {17},
  year = {2005},
  month = {Nov},
  doi = {10.1103/PhysRevC.72.054310},
  url = {http://link.aps.org/doi/10.1103/PhysRevC.72.054310},
  publisher = {American Physical Society}
}

@article{Subedi:2008zz,
      author         = "Subedi, R. and Shneor, R. and Monaghan, P. and Anderson,
                        B.D. and Aniol, K. and others",
      title          = "{Probing Cold Dense Nuclear Matter}",
      journal        = "Science",
      volume         = "320",
      pages          = "1476-1478",
      doi            = "10.1126/science.1156675",
      year           = "2008",
      eprint         = "0908.1514",
      archivePrefix  = "arXiv",
      primaryClass   = "nucl-ex",
      reportNumber   = "JLAB-PHY-08-828",
      SLACcitation   = "%%CITATION = ARXIV:0908.1514;%%",
}

@article{PhysRevLett.98.132501,
  title = {Tensor Forces and the Ground-State Structure of Nuclei},
  author = {Schiavilla, R. and Wiringa, R. B. and Pieper, Steven C. and Carlson, J.},
  journal = {Phys. Rev. Lett.},
  volume = {98},
  issue = {13},
  pages = {132501},
  numpages = {4},
  year = {2007},
  month = {Mar},
  doi = {10.1103/PhysRevLett.98.132501},
  url = {http://link.aps.org/doi/10.1103/PhysRevLett.98.132501},
  publisher = {American Physical Society}
}

@article{PhysRevLett.93.182501,
  title = {Correlated Strength in the Nuclear Spectral Function},
  author = {Rohe, D. and Armstrong, C. S. and Asaturyan, R. and Baker, O. K. and Bueltmann, S. and Carasco, C. and Day, D. and Ent, R. and Fenker, H. C. and Garrow, K. and Gasparian, A. and Gueye, P. and Hauger, M. and Honegger, A. and Jourdan, J. and Keppel, C. E. and Kubon, G. and Lindgren, R. and Lung, A. and Mack, D. J. and Mitchell, J. H. and Mkrtchyan, H. and Mocelj, D. and Normand, K. and Petitjean, T. and Rondon, O. and Segbefia, E. and Sick, I. and Stepanyan, S. and Tang, L. and Tiefenbacher, F. and Vulcan, W. F. and Warren, G. and Wood, S. A. and Yuan, L. and Zeier, M. and Zhu, H. and Zihlmann, B.},
  collaboration = {E97-006 Collaboration},
  journal = {Phys. Rev. Lett.},
  volume = {93},
  issue = {18},
  pages = {182501},
  numpages = {5},
  year = {2004},
  month = {Oct},
  doi = {10.1103/PhysRevLett.93.182501},
  url = {http://link.aps.org/doi/10.1103/PhysRevLett.93.182501},
  publisher = {American Physical Society}
}

@article{Benhar:1994hw, 
      author         = "Benhar, O. and Fabrocini, A. and Fantoni, S. and Sick,
                        I.",
      title          = "{Spectral function of finite nuclei and scattering of GeV
                        electrons}",
      journal        = "Nucl.Phys.",
      volume         = "A579",
      pages          = "493-517",
      doi            = "10.1016/0375-9474(94)90920-2",
      year           = "1994",
      SLACcitation   = "%%CITATION = NUPHA,A579,493;%%",
}

@article{Muther:1995bk,
      author         = "Muther, H. and Knehr, G. and Polls, A.",
      title          = "{Momentum distribution in nuclear matter and finite
                        nuclei}",
      journal        = "Phys.Rev.",
      volume         = "C52",
      pages          = "2955-2968",
      doi            = "10.1103/PhysRevC.52.2955",
      year           = "1995",
      eprint         = "nucl-th/9505038",
      archivePrefix  = "arXiv",
      primaryClass   = "nucl-th",
      reportNumber   = "TUB-95-0526",
      SLACcitation   = "%%CITATION = NUCL-TH/9505038;%%",
}

@article{Pieper_Wiringa,
author = {Pieper, Steven C. and Wiringa, R. B.},
title = {Quantum Monte Carlo Calculations of Light Nuclei},
journal = {Annual Review of Nuclear and Particle Science},
volume = {51},
number = {1},
pages = {53-90},
year = {2001},
doi = {10.1146/annurev.nucl.51.101701.132506}
}

@article{Arrington:2003tw,
      author         = "Arrington, J.",
      title          = "{Nucleon momentum distributions from a modified scaling
                        analysis of inclusive electron nucleus scattering}",
      pages          = "567-570",
      year           = "2003",
      eprint         = "nucl-ex/0306016",
      archivePrefix  = "arXiv",
      primaryClass   = "nucl-ex",
      reportNumber   = "JLAB-PHY-02-190",
      SLACcitation   = "%%CITATION = NUCL-EX/0306016;%%",
}
@article{Arrington:2006pn,
      author         = "Arrington, J.",
      title          = "{Hadrons in the nuclear medium: Quarks, nucleons, or a
                        bit of both?}",
      year           = "2006",
      eprint         = "nucl-ex/0602007",
      archivePrefix  = "arXiv",
      primaryClass   = "nucl-ex",
      SLACcitation   = "%%CITATION = NUCL-EX/0602007;%%",
}
@article{SLAC_Measurement_PRC.48.2451,
  title = {Evidence for short-range correlations from high ${\mathit{Q}}^{2}$ (        \textit{e}      ,        \textit{e}      ') reactions},
  author = {Frankfurt, L. L. and Strikman, M. I. and Day, D. B. and Sargsyan, M.},
  journal = {Phys. Rev. C},
  volume = {48},
  issue = {5},
  pages = {2451--2461},
  year = {1993},
  month = {Nov},
  doi = {10.1103/PhysRevC.48.2451},
  url = {http://link.aps.org/doi/10.1103/PhysRevC.48.2451},
  publisher = {American Physical Society}
}

@article{M_Sargsian_JPG_29_2003,
author = {M. Sargsian and others},
title = {Hadrons in the nuclear medium},
journal = {Journal of Physics G: Nuclear and Particle Physics},
volume = {29},
number = {3},
year = {2003},
doi = {doi:10.1088/0954-3899/29/3/201},

URL = {http://iopscience.iop.org/0954-3899/29/3/201/}
}

@article{Frankfurt1988235,
title = "Hard nuclear processes and microscopic nuclear structure ",
journal = "Physics Reports ",
volume = "160",
number = "5–6",
pages = "235 - 427",
year = "1988",
note = "",
issn = "0370-1573",
doi = "10.1016/0370-1573(88)90179-2",
url = "http://www.sciencedirect.com/science/article/pii/0370157388901792",
author = "Leonid Frankfurt and Mark Strikman"
}

@article{PhysRevLett.96.082501,
  title = {Measurement of Two- and Three-Nucleon Short-Range Correlation Probabilities in Nuclei},
  author = {Egiyan, K. S. and others},
  collaboration = {CLAS Collaboration},
  journal = {Phys. Rev. Lett.},
  volume = {96},
  issue = {8},
  pages = {082501},
  numpages = {6},
  year = {2006},
  month = {Mar},
  doi = {10.1103/PhysRevLett.96.082501},
  url = {http://link.aps.org/doi/10.1103/PhysRevLett.96.082501},
  publisher = {American Physical Society}
}

@article{PhysRevLett.108.092502,
  title = {New Measurements of High-Momentum Nucleons and Short-Range Structures in Nuclei},
  author = {Fomin, N. and others},
  journal = {Phys. Rev. Lett.},
  volume = {108},
  issue = {9},
  pages = {092502},
  numpages = {5},
  year = {2012},
  month = {Feb},
  doi = {10.1103/PhysRevLett.108.092502},
  url = {http://link.aps.org/doi/10.1103/PhysRevLett.108.092502},
  publisher = {American Physical Society}
}

%%%%%%%%%%%%%%%%%%55
%% A(e,e'p)
%%%%%%%%%%%%%%%%%%
@article{Higinbotham:2009hi,
      author         = "Higinbotham, D.W. and Piasetzky, E. and Wood, S.A.",
      title          = "{Short-Distance Structure of Nuclei}",
      journal        = "J.Phys.Conf.Ser.",
      volume         = "299",
      pages          = "012010",
      doi            = "10.1088/1742-6596/299/1/012010",
      year           = "2011",
      eprint         = "0908.0062",
      archivePrefix  = "arXiv",
      primaryClass   = "nucl-ex",
      reportNumber   = "JLAB-PHY-09-1051",
      SLACcitation   = "%%CITATION = ARXIV:0908.0062;%%",
}
@article{PhysRevLett.80.5072,
  title = {Quasifree $(\mathit{e},{\mathit{e}}^{$'${}}\mathit{p})$ Reactions and Proton Propagation in Nuclei},
  author = {Abbott, D. and others},
  journal = {Phys. Rev. Lett.},
  volume = {80},
  issue = {23},
  pages = {5072--5076},
  year = {1998},
  month = {Jun},
  doi = {10.1103/PhysRevLett.80.5072},
  url = {http://link.aps.org/doi/10.1103/PhysRevLett.80.5072},
  publisher = {American Physical Society}
}
@article{PhysRevC.66.044613,
  title = {Nuclear transparency from quasielastic ${A(e,e}^{$'${}}p)$ reactions up to ${Q}^{2}=8.1(\mathrm{GeV}{/c)}^{2}$},
  author = {Garrow, K. and others},
  journal = {Phys. Rev. C},
  volume = {66},
  issue = {4},
  pages = {044613},
  numpages = {10},
  year = {2002},
  month = {Oct},
  doi = {10.1103/PhysRevC.66.044613},
  publisher = {American Physical Society}
}@article{PhysRevC.72.054602,
  title = {Nuclear transparency from quasielastic $^{12}\mathrm{C}$($e,{e}^{'}p$)},
  author = {Rohe, D. and others},
  collaboration = {E97-006 Collaboration},
  journal = {Phys. Rev. C},
  volume = {72},
  issue = {5},
  pages = {054602},
  numpages = {8},
  year = {2005},
  month = {Nov},
  doi = {10.1103/PhysRevC.72.054602},
  publisher = {American Physical Society}
}
@article{PhysRevLett.94.082305,
  title = {Measurement of the $^{3}\mathrm{H}\mathrm{e}(e,{e}^{$'${}}p)pn$ Reaction at High Missing Energies and Momenta},
  author = {Benmokhtar, F. and others},
  collaboration = {Jefferson Lab Hall A Collaboration},
  journal = {Phys. Rev. Lett.},
  volume = {94},
  issue = {8},
  pages = {082305},
  numpages = {5},
  year = {2005},
  month = {Mar},
  doi = {10.1103/PhysRevLett.94.082305},
  publisher = {American Physical Society}
}
@article{PhysRevLett.94.192302,
  title = {Quasielastic $^{3}\mathrm{He}(e,{e}^{$'${}}p)^{2}\mathrm{H}$ Reaction at ${Q}^{2}=1.5\text{\,}\text{\,}{\mathrm{GeV}}^{2}$ for Recoil Momenta up to $1\text{\,}\text{\,}\mathrm{GeV}/c$},
  author = {Rvachev, M. M. and others},
  collaboration = {Jefferson Lab Hall A Collaboration},
  journal = {Phys. Rev. Lett.},
  volume = {94},
  issue = {19},
  pages = {192302},
  numpages = {5},
  year = {2005},
  month = {May},
  doi = {10.1103/PhysRevLett.94.192302},
  publisher = {American Physical Society}
}
@article{Laget200549,
title = "The electro-disintegration of few body systems revisited ",
journal = "Physics Letters B ",
volume = "609",
number = "1–2",
pages = "49 - 56",
year = "2005",
note = "",
issn = "0370-2693",
doi = "10.1016/j.physletb.2005.01.046",
author = "J.M. Laget"
}
%%%%%%%%%%%%%%%%%%55
%% A(e,e'pN)
%%%%%%%%%%%%%%%%%%
@article{PhysRevLett.90.042301,
  title = {$n\mathrm{\text{-}}p$ Short-Range Correlations from ($p,2p+n$) Measurements},
  author = {Tang, A. and others},
  journal = {Phys. Rev. Lett.},
  volume = {90},
  issue = {4},
  pages = {042301},
  numpages = {4},
  year = {2003},
  month = {Jan},
  doi = {10.1103/PhysRevLett.90.042301},
  url = {http://link.aps.org/doi/10.1103/PhysRevLett.90.042301},
  publisher = {American Physical Society}
}
@article{PhysRevLett.99.072501,
  title = {Investigation of Proton-Proton Short-Range Correlations via the $^{12}\mathrm{C}(e,{e}^{$'${}}pp)$ Reaction},
  author = {Shneor, R. and others},
  collaboration = {Jefferson Lab Hall A Collaboration},
  journal = {Phys. Rev. Lett.},
  volume = {99},
  issue = {7},
  pages = {072501},
  numpages = {5},
  year = {2007},
  month = {Aug},
  doi = {10.1103/PhysRevLett.99.072501},
  url = {http://link.aps.org/doi/10.1103/PhysRevLett.99.072501},
  publisher = {American Physical Society}
}
@article{src_since,
  title = {Probing Cold Dense Nuclear Matter},
  author = {Subedi, R. and others},
  collaboration = {Jefferson Lab Hall A Collaboration},
  journal = {Science},
  volume = {320},
  issue = {5882},
  pages = {1476-1478 },
  year = {2008},
  doi = {10.1126/science.1156675},
  url = {http://www.sciencemag.org/content/320/5882/1476.abstract}
}

@article{PhysRevC.84.031302,
  title = {Counting the number of correlated pairs in a nucleus},
  author = {Vanhalst, Maarten and Cosyn, Wim and Ryckebusch, Jan},
  journal = {Phys. Rev. C},
  volume = {84},
  issue = {3},
  pages = {031302},
  numpages = {5},
  year = {2011},
  month = {Sep},
  doi = {10.1103/PhysRevC.84.031302},
  url = {http://link.aps.org/doi/10.1103/PhysRevC.84.031302},
  publisher = {American Physical Society}
}

@article{PhysRevC.86.044619,
  title = {Quantifying short-range correlations in nuclei},
  author = {Vanhalst, Maarten and Ryckebusch, Jan and Cosyn, Wim},
  journal = {Phys. Rev. C},
  volume = {86},
  issue = {4},
  pages = {044619},
  numpages = {14},
  year = {2012},
  month = {Oct},
  doi = {10.1103/PhysRevC.86.044619},
  url = {http://link.aps.org/doi/10.1103/PhysRevC.86.044619},
  publisher = {American Physical Society}
}
@article{vanLeeuwe1998593,
title = "The 4He(e, e′p) cross section at large missing energy ",
journal = "Nuclear Physics A ",
volume = "631",
number = "0",
pages = "593 - 596",
year = "1998",
note = "Few-Body Problems in Physics",
issn = "0375-9474",
doi = "http://dx.doi.org/10.1016/S0375-9474(98)00073-6",
author = "J.J. van Leeuwe and others"
}

@article{Leeuwe20016,
title = "The 4He(e,e′p) cross section at high missing energies ",
journal = "Physics Letters B ",
volume = "523",
number = "1–2",
pages = "6 - 12",
year = "2001",
note = "",
issn = "0370-2693",
doi = "http://dx.doi.org/10.1016/S0370-2693(01)01336-3",
author = "J.J van Leeuwe and others"
}

%%%%%%%%%%%%%%%%%%55
%% EMC
%%%%%%%%%%%%%%%%%%
@article{ EMC_Review_1995,
Author = {Geesaman, D and Saito, K and Thomas, A},
Title = {The Nuclear EMC Effect},
Journal = {Annual Review of Nuclear and Particle Science},
Year = {1995},
Volume = {45},
Pages = {337-390},
DOI = {10.1146/annurev.nucl.45.1.337}
}
@article{EMC_Review_2003,
  author={P R Norton},
  title={The EMC effect},
  journal={Reports on Progress in Physics},
  volume={66},
  number={8},
  pages={1253},
  year={2003}
}
	
@article{EMC_first,
      author         = "Aubert, J.J. and others",
      title          = "{The ratio of the nucleon structure functions $F2_n$ for
                        iron and deuterium}",
      collaboration  = "European Muon Collaboration",
      journal        = "Phys.Lett.",
      volume         = "B123",
      pages          = "275",
      doi            = "10.1016/0370-2693(83)90437-9",
      year           = "1983",
      reportNumber   = "CERN-EP/83-14",
      SLACcitation   = "%%CITATION = PHLTA,B123,275;%%",
}

@article{PhysRevLett.103.202301,
  title = {New Measurements of the European Muon Collaboration Effect in Very Light Nuclei},
  author = {Seely, J. and others},
  journal = {Phys. Rev. Lett.},
  volume = {103},
  issue = {20},
  pages = {202301},
  numpages = {5},
  year = {2009},
  month = {Nov},
  doi = {10.1103/PhysRevLett.103.202301},
  url = {http://link.aps.org/doi/10.1103/PhysRevLett.103.202301},
  publisher = {American Physical Society}
}
@article{john_src_emc,
  title = {Detailed study of the nuclear dependence of the EMC effect and short-range correlations},
  author = {Arrington, J. and Daniel, A. and Day, D. B. and Fomin, N. and Gaskell, D. and Solvignon, P.},
  journal = {Phys. Rev. C},
  volume = {86},
  issue = {6},
  pages = {065204},
  numpages = {13},
  year = {2012},
  month = {Dec},
  doi = {10.1103/PhysRevC.86.065204},
  url = {http://link.aps.org/doi/10.1103/PhysRevC.86.065204},
  publisher = {American Physical Society}
}
@article{PhysRevLett.106.052301,
  title = {Short Range Correlations and the EMC Effect},
  author = {Weinstein, L. B. and Piasetzky, E. and Higinbotham, D. W. and Gomez, J. and Hen, O. and Shneor, R.},
  journal = {Phys. Rev. Lett.},
  volume = {106},
  issue = {5},
  pages = {052301},
  numpages = {4},
  year = {2011},
  month = {Feb},
  doi = {10.1103/PhysRevLett.106.052301},
  url = {http://link.aps.org/doi/10.1103/PhysRevLett.106.052301},
  publisher = {American Physical Society}
}
@article{xiaohui,
author = {Zhan, X. and others},
title = {High-precision measurement of the proton elastic form factor ratio at low Q2},
journal = {Physics Letters B},
volume = {705},
number = {1–2},
pages = {59 - 64},
year = {2011},
issn = {0370-2693},
doi = {http://dx.doi.org/10.1016/j.physletb.2011.10.002}
}

%%%%%%%%%%%%%%%%%%55
%% FSI
%%%%%%%%%%%%%%%%%%
@article{Day:1987az,
      author         = "Day, D.B. and Mccarthy, J.S. and Meziani, Z.E. and
                        Minehart, R. and Sealock, R. and others",
      title          = "{Y SCALING IN ELECTRON NUCLEUS SCATTERING}",
      journal        = "Phys.Rev.Lett.",
      volume         = "59",
      pages          = "427-430",
      doi            = "10.1103/PhysRevLett.59.427",
      year           = "1987",
      SLACcitation   = "%%CITATION = PRLTA,59,427;%%",
}

%%%%%%%%%%%%%%%%%%%%%%%%%%%%%%%%%%%%%%%%%%%%%%%%%%%%%%%%%%%%%%%%%%%%%
% Reference for Instruments
%%%%%%%%%%%%%%%%%%%%%%%%%%%%%%%%%%%%%%%%%%%%%%%%%%%%%%%%%%%%%%%%%%%%%
@article{pdg,
  title = {Review of Particle Physics},
  author = {Beringer, J. and others},
  collaboration = {Particle Data Group},
  journal = {Phys. Rev. D},
  volume = {86},
  issue = {1},
  pages = {010001},
  numpages = {1528},
  year = {2012},
  month = {Jul},
  doi = {10.1103/PhysRevD.86.010001},
  url = {http://link.aps.org/doi/10.1103/PhysRevD.86.010001},
  publisher = {American Physical Society}
}
@misc{john_thesis,
     author    = "J. Arrington",
     year= "1998",
     title = "{Ph.D Thesis, CalTech}"
}
@article{Arrington_2003tw,
      author         = "Arrington, J.",
      title          = "{Nucleon momentum distributions from a modified scaling
                        analysis of inclusive electron nucleus scattering}",
      pages          = "567-570",
      year           = "2003",
      eprint         = "nucl-ex/0306016",
      archivePrefix  = "arXiv",
      primaryClass   = "nucl-ex",
      reportNumber   = "JLAB-PHY-02-190",
      SLACcitation   = "%%CITATION = NUCL-EX/0306016;%%",
}
@misc{e08014_pr,
     author    = "Arrington, J. and Day, D. and Higinbotham, D. and Solvignon, P.",
     title     = "{Three-nucleon short range correlations studies in inclusive scattering for $0.8<Q^{2}<2.8 (GeV/c)^{2}$}",
     year= "2011",
     howpublished={\url{http://hallaweb.jlab.org/experiment/E08-014/}}
}

@misc{E01015_pr,
     author    = "Bertozzi, W. and Piasetzky, E. and Wood, S. and Watson, J",
     title     = "{Studying the Internal Small-Distance Structure of Nuclei via the Triple Coincidence (e,e'pN) Measurement}",
     year= "2004",
     howpublished={\url{http://hallaweb.jlab.org/experiment/E01-015/index.html}},
}
@misc{E07006_pr,
     author    = "Gilad, S. and Higinbotham, D. and Sulkosky, V. and Piasetzky, E. and Watson, J",
     title     = "{Studying Short-Range Correlations in Nuclei at the Repulsive Core Limit via the Triple Coincidence (e,e'pN) Reaction}",
     year= "2011",
     howpublished={\url{http://hallaweb.jlab.org/experiment/E07-006/}},
}


@Article{halla_nim,
      author    = "Alcorn, J. and others",
      title     = "{Basic Instrumentation for Hall A at Jefferson Lab}",
      journal   = "Nucl. Instrum. Meth.",
      volume    = "A522",
      year      = "2004",
      pages     = "294-346",
      doi       = "10.1016/j.nima.2003.11.415",
      SLACcitation  = "%%CITATION = NUIMA,A522,294;%%"
}

@misc{shower_ak,
     author    = "A Ketikyan and others",
     title     = "{About Shower Detector Software}",
     year= "1997",
     url = "About Shower Detector Software, http://hallaweb.jlab.org/espace/shower.ps.gz",
pages=""
}
@misc{R_Bock,
     author    = "R.K Bock and A.Vasilescu",
     title     = "{The Particle Detector Brief Book}",
}
@misc{halla_daq,
     title    = "Hall A DAQ Setup",
     howpublished={\url{hallaweb.jlab.org/equipment/daq/trigsetup_2003.html}}
}
@misc{halla_main,
     title    = "Hall A Main Page",
     howpublished={\url{hallaweb.jlab.org/}}
}
@Article{beam_energy1,
      author    = "J. Berthot, P. Vernin",
      journal   = "Nucl. Phys. News",
      volume    = "9",
      year      = "1990",
      pages     = "12",
}

@misc{beam_energy2,
      author    = "O. Ravel",
      title   = "{Ph.D Thesis, University of Blaise Pascal}",
      year      = "1997",
}
@misc{cryo_grp,
     title    = "Jefferson Lab Cryogenic Group",
     howpublished={\url{wwwwold.jlab.org/eng/cryo}}
}
@misc{ts_tm,
      author    = "E. Jastrzembski ",
      title   = "Trigger Supervisor Transition Module",
      year      = "1997",
}
%%%%%%%%%%%%%%%%%%%%%%%%%%%%%%%%%%%%%%%%%%%%%%%%%%%%%%%%%%%%%%%%%%%%%
% Analysis Notes and Thesis from other people
%%%%%%%%%%%%%%%%%%%%%%%%%%%%%%%%%%%%%%%%%%%%%%%%%%%%%%%%%%%%%%%%%%%%%
@misc{analyzer,
     author    = "",
     title     = "{ROOT/C++ Analyzer for Hall A}",
     year= "",
     url = "http://hallaweb.jlab.org/podd/index.html"
}


@misc{cern_root,
     author    = "",
     title     = "{ROOT - A Data Analysis Framework by CERN}",
     year= "",
     howpublished={\url{http://root.cern.ch/drupal/}}
}

@misc{nilanga_optics,
     author    = "N. Liyanage",
     title     = "{Optics Calibration of the Hall A High Resolution Spectrometers using the new optimizer}",
     year= "2002",
     howpublished={\url{http://hallaweb.jlab.org/publications/Technotes/files/2002/02-012.pdf}}
}
@misc{jinge_thesis,
     author    = "G. Jin",
     year= "2011",
     title = "{Ph.D Thesis, University of Virginia (2011)}"
}
@misc{hyao_thesis,
     author    = "H. Yao",
     title     = "{Ph.D Thesis, Temple University }",
     year= "2011",
}
@misc{karl_thesis,
     author    = "K. Slifer",
     title     = "{Ph.D Thesis, Temple University }",
     year= "2003",
}
@misc{jin_huang_optics,
      author    = "J. Huang",
     title     = "{HRS Optics Optimizer}",
     year= "2009",
     journal = "private communication"
}
@misc{snack_lerose,
     author    = "J. LeRose",
     title     = "{HRS transportation functions}",
     journal = "private communication."
}
@misc{A_Duer,
     author    = "A. Duer",
     title     = "{Single Arm Monte Carlo for Polarized 3He experiments in Hall A v.0.2}",
     year= "2002",
     howpublished={\url{http://hallaweb.jlab.org/publications/Technotes/files/2001/01-004.pdf}}
}
@misc{shower_luhj,
     author    = "H. Lu and others",
     title     = "{Shower Calibration and Efficiency for E97-110}",
     year= "2005",
     howpublished={\url{Shower Calibration and Efficiency for E97-110, http://hallaweb.jlab.org/experiment/E97-110/tech/shower\_calib.ps.gz"}}
}

@misc{donal_prvt,
     author    = "{D. Day}",
     title     = "{private communication}"
}
@misc{nadia_prvt,
     author    = "{N. Fomin}",
     title     = "{private communication}"
}
@misc{john_prvt,
     author    = "{J. Arrington}",
     title     = "{private communication}"
}
@misc{aji_thesis,
     author    = "A. Daniel",
     year= "2007",
     title = "{Ph.D Thesis, Houston University}"
}
@misc{nadia_thesis,
     author    = "N. Fomin",
      year= "2008",
     title = "{Ph.D Thesis, University of Virginia}"
}

@misc{vahe_thesis,
      author         = "Mamyan, V.",
      title          = "{Ph.D Thesis, University of Virginia}",
      year           = "2010",
      eprint         = "arXiv:1202.1457", 
}
@misc{Bosted:2012qc,
      author         = "Bosted, P.E. and Mamyan, V.",
      title          = "{Empirical Fit to electron-nucleus scattering}",
      year           = "2012",
      eprint         = "arXive 1203.2262", 
}
@article{Bosted:2006,
  title = {Empirical fit to inelastic electron-deuteron and electron-neutron resonance region transverse cross sections},
  author = {Bosted, P. E. and Christy, M. E.},
  journal = {Phys. Rev. C},
  volume = {77},
  issue = {6},
  pages = {065206},
  numpages = {7},
  year = {2008},
  month = {Jun},
  doi = {10.1103/PhysRevC.77.065206},
  url = {http://link.aps.org/doi/10.1103/PhysRevC.77.065206},
  publisher = {American Physical Society}
}
@article{qfs_org,
  title = {Electromagnetic excitation of the delta resonance in nuclei},
  author = {O'Connell, J. S. and Dodge, W. R. and Lightbody, J. W. and Maruyama, X. K. and Adler, J. -O. and Hansen, K. and Schr\o{}der, B. and Bernstein, A. M. and Blomqvist, K. I. and Cottman, B. H. and Comuzzi, J. J. and Miskimen, R. A. and Quinn, B. P. and Koch, J. H. and Ohtsuka, N.},
  journal = {Phys. Rev. C},
  volume = {35},
  issue = {3},
  pages = {1063--1071},
  year = {1987},
  month = {Mar},
  doi = {10.1103/PhysRevC.35.1063},
  url = {http://link.aps.org/doi/10.1103/PhysRevC.35.1063},
  publisher = {American Physical Society}
}
@article{qfs_org2,
 author = {Lightbody, J. W. and O'Connell, J. S.},
 title = {Modeling single arm electron scattering and nucleon production from nuclei by GeV electrons},
 journal = {Comput. Phys.},
 issue_date = {May/June 1988},
 volume = {2},
 number = {3},
 month = may,
 year = {1988},
 issn = {0894-1866},
 pages = {57--64},
 numpages = {8},
 url = {http://dl.acm.org/citation.cfm?id=47622.47629},
 acmid = {47629},
 publisher = {American Institute of Physics Inc.},
 address = {Woodbury, NY, USA}
} 
@article{qfs_note,
  title   = "{Quasielastic Electron Scattering In He4 Between 328 and 725 MeV}",
  author  = "{J. Bevelacqua}",
  journal = {FIZIKA},
  volume = {1},
  issue = {2},
  pages = {129--138},
  year = {1992},
  url    ="{http://fizika.hfd.hr/fizika_b/bv92/b1p129.pdf}" 
}

@article{PhysRevLett.56.1452,
  title = {Precise Determination of the Nucleon Radius in $^{3}\mathrm{He}$},
  author = {McKeown, R. D.},
  journal = {Phys. Rev. Lett.},
  volume = {56},
  issue = {14},
  pages = {1452--1454},
  year = {1986},
  month = {Apr},
  doi = {10.1103/PhysRevLett.56.1452},
  url = {http://link.aps.org/doi/10.1103/PhysRevLett.56.1452},
  publisher = {American Physical Society}
}

@misc{whita,
      author         = "W. Armstrong",
      title          = "{InSane - QFS model}",
      howpublished={\url{http://quarks.temple.edu/~whit/code/InSANE++/html/da/dfc/group__xsections.html}}
}
@article{mo_sai_rad,
  title = {Radiative Corrections to Elastic and Inelastic $\mathrm{ep}$ and $\mathrm{up}$ Scattering},
  author = {Mo, L. W. and Tsai, Y. S.},
  journal = {Rev. Mod. Phys.},
  volume = {41},
  issue = {1},
  pages = {205--235},
  year = {1969},
  month = {Jan},
  doi = {10.1103/RevModPhys.41.205},
  url = {http://link.aps.org/doi/10.1103/RevModPhys.41.205},
  publisher = {American Physical Society}
}
@article{stein_radiation,
  title = {Electron scattering at 4\ifmmode^\circ\else\textdegree\fi{} with energies of 4.5-20 GeV},
  author = {Stein, S. and Atwood, W. B. and Bloom, E. D. and Cottrell, R. L. A. and DeStaebler, H. and Jordan, C. L. and Piel, H. G. and Prescott, C. Y. and Siemann, R. and Taylor, R. E.},
  journal = {Phys. Rev. D},
  volume = {12},
  issue = {7},
  pages = {1884--1919},
  year = {1975},
  month = {Oct},
  doi = {10.1103/PhysRevD.12.1884},
  url = {http://link.aps.org/doi/10.1103/PhysRevD.12.1884},
  publisher = {American Physical Society}
}

%%%%%%%%%%%%%%%%%%%%%%%%%%%%%%%%%%%%%%%%
% New Exp.
%%%%%%%%%%%%%%%%%%%%%%%%%%%%%%%%%%%%%%%%%%%%%%%%%%%%%%%%%%%%%
@misc{E12_11_112_pr,
      author    = "Arrington, J. and Day, D. and Higinbotham, D. and Solvignon, P.",
     title     = "{Precision measurement of the isospin dependence in the 2N and 3N short range correlation region}",
      howpublished={\url{http://www.jlab.org/exp_prog/proposals/11/PR12-11-112.pdf}}
}
@misc{E12_10_103_pr,
      author    = "Annand, J. and Gomez, J. and Holt, R. and Petratos, G. and R",
     title     = "{Measurement of the F2n/F2p, d/u Ratios and A=3 EMC Effect in Deep Inelastic Scattering off the Tritium and Helium Mirror Nuclei}",
     howpublished={\url{http://www.jlab.org/exp_prog/proposals/10/PR12-10-103.pdf}}
}
@misc{E12_06_105_pr,
      author    = "Arrington, J. and Day, D. and Fomin, N. and Solvignon, P.",
     title     = "{Inclusive Scattering from Nuclei at $x>1$ in the quasielastic and deeply inelastic regimes}",
     howpublished={\url{http://www.jlab.org/exp_prog/proposals/06/PR12-06-105.pdf}}
}

@misc{E12_10_008_pr,
      author    = "Arrington, J. and Daniel, A and Gaskell, D.",
     title     = "{Detailed studies of the nuclear dependence of F2
 in light nuclei}",
     howpublished={\url{http://www.jlab.org/exp_prog/proposals/10/PR12-10-008.pdf}}
}

@misc{E12_10_003_pr,
      author    = "Boeglin, W. and Jones, M.",
     title     = "{Deuteron Electro-Disintegration at Very High Missing Momentum}",
     howpublished={\url{http://www.jlab.org/exp_prog/proposals/10/PR12-10-003.pdf}}
}
@misc{E12_11_107_pr,
      author    = "Hen, O. and Weinstein, L. and Gilad, S.",
     title     = "{In Medium Nucleon Structure Functions, SRC, and the EMC effect}",
     howpublished={\url{http://www.jlab.org/exp_prog/proposals/10/PR12-11-107.pdf}}
}

%%%%%%%%%%%%%%%%%%%%%%%%%%%%%%%%%%%%%%%%%%%%%%%%%%%%%%%%%%%%%%%%%%%%%
% Surveys or Logs
%%%%%%%%%%%%%%%%%%%%%%%%%%%%%%%%%%%%%%%%%%%%%%%%%%%%%%%%%%%%%%%%%%%%%
@misc{survey_dvcs_2010,
    author    = "",
     title     = "{Hall A survey report 1343}",
     year= "2010",
     howpublished={\url{http://www.jlab.org/eng/survalign/documents/dthalla/A1343.pdf}}
}
@misc{survey_pvdis_2009,
     title     = "{Hall A survey report A1249}",
     year= "2009",
     howpublished={\url{http://www.jlab.org/eng/survalign/documents/dthalla/A1239.pdf}}
}
@misc{survey_a1n_2009,
     title     = "{Hall A survey report A1239}",
     year= "2009",
     howpublished={\url{http://www.jlab.org/eng/survalign/documents/dthalla/A1249.pdf}}
}
@misc{bpm_runs,
     title     = "{E08-014 Harp scan results}",
     year= "2011",
}
@misc{bpm_cali,
     title     = "{Hall A BPM Calibration Procedure}",
     author = "Bodo Reitz ",
     howpublished={\url{http://hallaweb.jlab.org/podd/doc/bpm.html}}    
}

@misc{target_report,
     title     = "E08-014 Target Report",
     author = "D. Meekins",
     year= "2011",
     howpublished={\url{http://hallaweb.jlab.org/experiment/E08-014/analysis/HallA_Target_Configuration_Apr2011.pdf}}
}
@misc{vince_thesis,
     author    = "V. Sulkosky",
     title     = "{Ph.D Thesis, College of William and Mary}",
     year= "2007",
     journal = ""
}
%%%%%%%%%%%%%%%%%%%%%%%%%%%%%%%%%%%%%%%%%%%%%%%%%%%%%%%%%%%%%%%%%%%%%
% Analysis Notes for E08-014
%%%%%%%%%%%%%%%%%%%%%%%%%%%%%%%%%%%%%%%%%%%%%%%%%%%%%%%%%%%%%%%%%%%%%
@misc{bcm_patricia,
     author    = "P. Solvignon-Slifer",
     title     = "{E08-014 BCM calibration report}",
     year= "2012",
     journal = ""
}
@misc{boiling_patricia,
     author    = "P. Solvignon-Slifer",
     title     = "{E08-014 BCM calibration report}",
     year= "2012",
     journal = ""
}
@misc{silviu_target,
     author    = "Silviu Covrig",
     title     = "{E08-014 Cryogenic Target System Simulation}",
     year= "2013",
     journal = "pravit communication"
}
@misc{ye_xemc,
     author    = "Z. Ye",
     title     = "{XEMC inclusive electron scattering cross section model}",
     year= "2012",
     url = "private communication"
}

\end{filecontents*}
